1477 2365
409 99 671 134 AENEIDos
715 101 814 134 ΜΒ.
860 101 916 134 111
1196 107 1251 149 45

64 195 145 232 huc
174 194 245 232 ubi
275 192 433 232 delatus
462 193 684 231 Cumaeam
712 194 930 232 accesseris
960 194 1104 231 urbem

65 260 308 307 divinosque
338 259 450 296 lacus
478 260 518 296 et
548 260 717 296 Averna
747 258 937 296 sonantia
969 259 1099 305 silvis,

66 325 254 362 insanam
283 325 422 362 vatem
452 323 633 372 aspicies,
668 337 768 373 quae
800 337 899 373 rupe
930 324 1007 361 sub
1037 324 1122 361 ima

63 390 146 429 fata
176 389 285 426 canit
314 388 506 437 foliisque
539 391 657 426 notas
688 391 727 426 et
758 389 926 427 nomina
954 390 1142 427 mandat.

66 467 339 503 quaecumque
372 454 417 491 in
446 453 556 491 foliis
587 454 799 502 descripsit
825 454 1010 492 carmina
1039 454 1168 504 virgo,
1186 470 1249 501 445

66 519 214 569 digerit
246 519 289 556 in
315 532 537 556 numerum
565 522 687 567 atque
711 521 829 557 antro
856 519 1013 556 seclusa
1039 520 1249 568 relinquit.

64 583 136 622 illa
156 586 325 621 manent
346 584 518 622 immota
537 583 638 621 locis
659 597 791 633 neque
812 584 862 622 ab
885 584 1026 622 ordine
1048 585 1210 624 cedunt.

64 663 211 687 verum
239 649 395 697 eadem,
429 662 547 687 verso
578 649 717 687 tenuis
747 662 839 686 cum
871 649 1037 687 cardine
1067 652 1218 688 ventus

64 714 229 763 impulit
258 716 298 751 et
328 716 491 753 teneras
520 714 703 753 turbavit
732 714 855 753 ianua
882 715 1061 763 frondes,

412 1464 535 1494 SCYLLA
549 1465 647 1501 (from
660 1475 681 1495 a
693 1467 793 1496 silver
805 1468 901 1503 coin).

63 1562 276 1599 nlmquam
298 1551 446 1590 deinde
468 1565 566 1590 cavo
588 1553 810 1592 volitantia
830 1557 1028 1604 prendere
1049 1569 1147 1595 saxo
1183 1572 1249 1603 450

62 1627 136 1652 nec
165 1629 351 1654 revocare
381 1617 485 1656 situs
515 1621 587 1657 aut
615 1618 783 1668 iungere
811 1622 994 1659 carmina
1023 1624 1159 1660 curat:

62 1679 281 1719 inconsulti
311 1682 463 1720 abeunt
493 1684 714 1732 sedemque
742 1685 861 1723 odere
892 1686 1082 1736 Sibyllae.

61 1743 127 1782 hic
155 1745 232 1784 tibi
260 1759 311 1784 ne
342 1760 420 1796 qua
447 1761 586 1786 morae
616 1749 774 1787 fuerint
803 1751 1017 1799 dispendia
1044 1753 1165 1801 tanti,

61 1811 249 1858 quamvis
279 1811 528 1860 increpitent
557 1814 658 1851 socii
688 1817 728 1853 et
757 1815 799 1852 vi
830 1829 973 1854 cursus
1002 1817 1046 1854 in
1075 1817 1207 1855 altum

61 1875 151 1913 Vela
178 1877 296 1914 vocet
323 1878 535 1927 possisque
564 1879 681 1917 sinus
710 1880 882 1930 implere
913 1883 1121 1931 secundos,
1181 1898 1244 1929 455

62 1940 161 1989 quin
190 1942 310 1979 adeas
339 1945 476 1980 vatem
505 1945 777 1994 precibusque
807 1947 970 1986 oracula
999 1961 1140 1997 poscas

60 2005 148 2055 ipsa
177 2010 306 2049 canat,
340 2021 563 2059 vocemque
591 2010 736 2050 volens
763 2015 886 2061 atque
915 2027 985 2051 ora
1016 2013 1205 2052 resolvat.

60 2069 131 2108 illa
160 2072 235 2110 tibi
265 2074 409 2112 Italiae
439 2075 614 2124 populos
643 2079 896 2126 venturaque
926 2078 1044 2125 bella,
