1477 2365
198 64 256 120 36
508 73 547 106 P.
595 72 809 106 VERGILI
853 72 1089 106 MAR0N1s

197 169 238 204 et
268 166 403 215 patrio
432 166 754 204 Andromachen
786 166 939 204 iterum
969 167 1135 204 cessisse
1166 167 1330 205 marito.

199 231 406 280 obstupui,
440 231 629 281 miroque
659 231 877 269 incensum
906 233 1050 281 pectus
1078 244 1216 269 amore

198 296 445 345 compellare
474 296 611 333 virum
640 298 681 333 et
712 308 829 333 casus
857 309 1099 345 cognoscere
1129 298 1280 336 tantos.

198 361 436 412 progredior
465 362 599 410 portu,
634 361 784 398 classes
813 362 853 398 et
883 361 1008 399 litora
1037 361 1244 411 linquens,
1328 376 1394 409 300

199 427 422 465 sollemnes
452 439 546 464 cum
576 426 682 463 forte
715 426 838 475 dapes
868 429 909 464 et
939 426 1076 464 tristia
1104 427 1214 464 dona

198 494 294 531 ante
323 492 471 530 urbem
500 492 545 529 in
575 491 668 529 luco
698 491 793 529 falsi
824 491 1049 530 Simoentis
1077 492 1128 530 ad
1158 492 1313 530 undam

198 558 354 597 libabat
383 557 512 595 cineri
542 557 834 594 Andromache
864 557 1086 606 Manesque
1115 557 1287 595 vocabat

200 624 456 662 Hectoreum
470 622 521 659 ad
536 622 890 670 tumulum,viridi
905 635 1029 670 quem
1042 623 1216 672 caespite
1228 610 1396 661 inanem

199 691 241 727 et
271 688 469 738 geminas,
506 699 672 725 causam
702 687 894 736 lacrimis,
930 690 1158 726 sacraverat
1187 700 1289 727 aras.
1330 703 1391 735 305

201 755 247 792 ut
277 766 343 791 me
375 753 588 801 conspexit
620 752 857 790 venientem
886 754 926 790 et
956 752 1078 790 Troia
1107 752 1263 791 circum

201 831 317 857 arma
347 831 490 856 amens
519 817 637 866 vidit,
672 817 835 867 magnis
865 817 1063 856 exterrita
1091 818 1288 857 monstris

203 884 382 934 deriguit
411 883 504 921 visu
534 883 580 921 in
608 883 772 930 medio3
816 883 928 921 calor
959 896 1048 921 ossa
1077 883 1272 932 reliquit;

203 949 368 997 labitur,
402 951 443 987 et
472 949 598 998 longo
628 948 699 987 vix
727 949 898 986 tandem
928 950 1113 997 tempore
1142 949 1276 987 fatur:

207 1017 386 1054 ‘verane
415 1016 457 1052 te
487 1014 622 1062 facieS,
658 1027 781 1052 verus
810 1013 915 1051 mihi
945 1013 1120 1051 nuntius
1147 1014 1280 1062 affers,
1333 1030 1398 1060 310

204 1082 300 1119 nate
330 1080 437 1118 dea‘?
480 1078 642 1117 vivisne
660 1080 680 1117 ⁶?
714 1081 795 1126 aut,
831 1079 864 1116 si
895 1079 967 1116 lux
997 1078 1105 1116 alma
1135 1078 1303 1117 recessit

204 1146 362 1184 Hector
376 1144 446 1182 ubi
459 1146 549 1183 est‘?
559 1144 567 1159 ’
590 1144 706 1193 dixit,
726 1143 997 1193 lacrimasque
1010 1144 1166 1192 effudit,
1179 1146 1219 1182 et
1232 1157 1397 1183 omnem

207 1209 398 1259 implevit
430 1209 610 1247 clamore
640 1208 789 1246 locum.
840 1208 909 1246 vix
938 1221 1066 1258 pauca
1093 1208 1250 1247 furenti

206 1274 360 1312 subicio
390 1276 430 1312 et
461 1274 565 1312 raris
594 1273 787 1312 turbatus
816 1273 987 1312 vocibus
1015 1273 1155 1312 hisco:

210 1340 329 1379 ‘vivo
351 1339 553 1389 equidem,
579 1339 792 1389 vitamque
813 1341 999 1377 extrema
1018 1352 1091 1388 per
1111 1339 1252 1378 omnia
1271 1339 1399 1388 duco3

206 1418 259 1443 ne
289 1405 442 1452 dubita,
478 1417 574 1442 nam
604 1417 701 1443 vera
730 1404 861 1442 vides.
1334 1411 1399 1452 316

205 1471 287 1525 heu
316 1470 410 1520 quis
438 1472 478 1508 te
510 1483 628 1508 casus
658 1470 856 1509 deiectam
887 1470 1058 1520 coniuge
1087 1472 1207 1509 tanto

206 1535 369 1585 excipit,
402 1537 473 1573 aut
505 1548 607 1585 quae
637 1535 763 1585 digna
793 1535 893 1574 satis
921 1536 1086 1574 fortuna
1115 1536 1293 1575 revisit?

206 1601 401 1640 Hectoris
431 1601 722 1639 Andromache
755 1601 955 1652 Pyrrhin’
985 1602 1161 1639 conubia
1189 1603 1361 1641 servas?
1377 1602 1386 1617 ’

206 1666 353 1704 deiecit
383 1666 549 1704 vultum
579 1669 620 1705 et
651 1667 829 1705 demissa
857 1680 954 1709 voce
985 1667 1122 1706 locuta
1149 1669 1236 1706 est:
1336 1682 1400 1714 320

211 1733 255 1769 ‘o
285 1731 384 1769 felix
414 1745 496 1769 una
525 1735 621 1770 ante
651 1732 755 1770 alias
785 1732 992 1771 Priameia
1021 1732 1151 1782 virgo,

206 1797 401 1836 hostilem
430 1797 481 1835 ad
511 1798 722 1835 tumulum
753 1798 896 1836 Troiae
927 1798 1002 1836 sub
1032 1798 1250 1836 moenibus
1277 1797 1374 1836 altis

207 1864 317 1902 iussa
345 1863 463 1911 mori,
498 1876 600 1912 quae
631 1863 803 1901 sortitus
833 1876 917 1900 non
948 1863 1118 1911 pertulit
1148 1863 1255 1901 ullos

207 1941 281 1966 nec
311 1927 480 1966 victoris
509 1929 569 1966 eri
599 1927 736 1978 tetigit
766 1927 927 1977 captiva
956 1928 1114 1966 cubile!

208 2007 284 2031 nos
313 1993 445 2042 patria
475 1993 643 2032 incensa
671 1993 835 2032 diversa
864 2007 936 2042 per
963 2007 1137 2042 aequora
1164 1995 1305 2032 vectae
1334 2007 1398 2040 325

209 2059 351 2108 stirpis
379 2059 593 2097 Achilleae
623 2059 756 2097 fastus
784 2059 1058 2108 iuvenemque
1089 2060 1323 2108 superbum,
