1477 2365
437 103 704 137 AENEIDOS
747 104 847 138 LIB.
892 104 947 137 III
1217 109 1275 153 29

87 209 212 246 seque
241 209 349 234 novo
378 198 566 234 veterum
596 197 811 245 deceptimi
840 210 974 234 errore
1003 197 1196 236 locorum.

87 265 181 300 tum
210 264 433 300 memorat:
478 263 606 309 ‘nate,
640 261 779 300 Iliacis
807 262 981 300 exercite
1010 262 1118 310 fatis,

87 327 174 365 sola
201 327 306 365 mihi
334 327 439 364 tales
468 339 585 365 casus
614 327 842 365 Cassandra
871 328 1054 366 canebat.

87 405 199 430 nunc
227 394 366 441 repeto
393 392 492 430 haec
517 392 658 441 generi
684 393 929 441 portendere
957 392 1092 430 debita
1118 395 1271 434 nostro.

86 459 128 495 et
156 470 275 505 saepe
306 457 565 506 Hesperiam,
590 471 708 506 saepe
738 457 846 495 Itala
879 470 1003 506 regna
1030 471 1183 497 vocare.
1212 465 1271 504 185

86 523 157 561 sed
186 522 278 572 quis
307 523 358 560 ad
387 522 612 571 Hesperiae
642 525 839 561 venturos
867 523 987 561 litora
1016 522 1193 561 Teucros

86 588 268 626 crederet
281 589 301 626 ἱ)
328 590 397 626 aut
419 601 543 637 quem
562 591 653 625 tum
673 590 788 625 vates
808 587 1038 626 Cassandra
1057 590 1274 627 moveret?

86 654 278 691 cedamus
307 653 487 701 Phoebo,
520 655 562 691 et
590 652 741 690 moniti
770 651 942 690 meliora
971 654 1220 701 sequamur.'

86 719 144 756 sic
173 718 240 766 ait,
274 720 314 756 et
344 719 482 756 cuncti
512 718 620 756 dicto
651 731 842 766 paremus
872 720 1056 756 ovantes.

87 782 193 820 hanc
210 797 370 833 quoque
387 783 613 821 deserimus
629 783 778 830 sedem,
800 783 1017 832 paucisque
1035 783 1189 822 relictis
1212 799 1273 831 190

86 848 179 886 vela
199 849 344 887 damus
363 851 608 898 vastumque
630 861 727 886 cava
746 849 860 886 trabe
887 849 1092 886 currimus
1111 862 1272 899 aequor.

133 953 291 991 192-208.
319 955 369 981 We
386 962 460 982 were
475 962 542 982 ¹soon
565 957 616 982 out
637 955 671 990 of
689 955 766 989 siah!
789 955 825 990 qf
842 955 925 992 land,
945 956 1009 983 and
1033 957 1102 983 then
1125 964 1145 983 α
1168 956 1273 983 violem

84 999 205 1032 tempe-st
227 998 312 1025 brolce
333 1006 414 1032 upon.
438 1005 483 1026 vs.
511 999 575 1025 (md
602 1002 641 1025 we
668 1007 739 1026 were
761 999 905 1026 scama-etl
927 1000 989 1027 this
1012 1007 1080 1033 way
1103 1000 1167 1026 ancl
1198 1000 1269 1027 that.

84 1041 194 1069 Clouds
224 1041 367 1075 wrappecl
399 1042 445 1069 ille
468 1042 524 1075 sky
551 1042 583 1068 in
611 1042 767 1071 darkness.
800 1043 864 1069 (17er
890 1051 931 1069 we
960 1043 1120 1071 zcamlerecl
1150 1043 1276 1071 without

83 1085 226 1120 knozcz'ny
243 1086 330 1112 when
350 1085 376 1112 it
397 1093 461 1112 was
477 1085 539 1119 (lay
555 1086 619 1111 ancl
636 1087 724 1113 when
745 1086 769 1113 *it
792 1094 855 1113 was
871 1086 968 1121 vith.
1014 1086 1074 1113 For
1096 1087 1173 1113 three
1197 1087 1273 1121 (lays

83 1128 148 1156 <md
171 1128 273 1163 niqhts
296 1137 338 1156 we
361 1136 436 1156 were
462 1128 577 1158 (Irz'ren.
597 1136 635 1155 nn
660 1130 705 1156 the
721 1128 831 1163 fourth
854 1138 895 1157 we
919 1138 983 1157 san·
1007 1130 1186 1157 mountains
1208 1131 1273 1158 and

83 1172 182 1200 smoke
199 1172 235 1199 in
250 1172 297 1199 the
315 1171 459 1199 distance.
510 1172 572 1199 Our
587 1172 698 1200 scalers
714 1173 813 1200 rou-ecl
830 1174 998 1206 wz'thfrsssh
1016 1174 1129 1208 rigmur.

137 1249 356 1297 postquam
386 1246 517 1285 altum
540 1249 710 1285 tenuere
741 1250 849 1285 rates
879 1261 953 1286 nec
984 1248 1066 1286 iam
1093 1249 1272 1298 amplius

191 1311 300 1350 ullae

83 1379 284 1426 apparent
298 1379 442 1425 terrae,
460 1377 619 1415 caelum
641 1378 822 1427 undique
842 1380 882 1416 et
904 1378 1084 1428 undique
1105 1382 1266 1428 pontus,

82 1445 175 1480 tum
203 1443 309 1481 mihi
339 1443 549 1481 caeruleus
579 1456 704 1492 supra
733 1446 854 1492 caput
884 1444 1044 1482 adstitit
1074 1445 1208 1482 imber

84 1509 247 1546 noctem
293 1508 554 1558 hiememque
608 1509 755 1555 ferens
805 1511 846 1546 et
900 1509 1112 1548 inhorruit
1160 1512 1270 1549 unda

188 1573 382 1612 tenebris.
1208 1592 1219 1612 1
1227 1593 1244 1623 9
1250 1592 1266 1621 5

83 1638 278 1677 continuo
305 1640 421 1677 venti
450 1639 623 1677 volvunt
652 1652 764 1677 mare
794 1652 1024 1689 magnaque
1053 1644 1227 1690 surgunt

81 1717 286 1753 aequora;
325 1704 499 1753 dispersi
527 1705 729 1742 iactamur
758 1705 917 1754 gurgite
946 1707 1089 1752 vasto;

83 1769 293 1808 involvere
323 1770 432 1808 diem
461 1770 604 1818 nimbi,
638 1772 678 1807 et
709 1783 790 1807 nox
819 1770 961 1808 umida
990 1771 1147 1808 caelum

81 1834 277 1881 abstulit3
317 1835 576 1884 ingeminant
605 1835 790 1884 abruptis
820 1835 1000 1873 nubibus
1029 1836 1156 1885 ignes,

80 1900 312 1937 excutimur
340 1913 461 1938 cursu
489 1903 529 1938 et
561 1901 686 1938 caecis
714 1914 900 1938 erramus
930 1901 973 1938 in
1002 1901 1137 1939 undis.
1206 1916 1267 1938 200

80 1965 166 2013 ipse
197 1964 306 2002 diem
336 1968 580 2014 noctemque
611 1968 733 2015 negat
764 1966 993 2004 discernere
1023 1966 1132 2004 caelo

82 2042 155 2067 nec
183 2030 422 2068 meminisse
452 2030 543 2068 viae
571 2031 706 2068 media
735 2030 958 2068 Palinurus
988 2031 1030 2068 in
1062 2031 1180 2069 unda.

81 2096 166 2134 ‘tres
193 2095 293 2135 adeo
323 2096 503 2134 incertos
532 2108 646 2134 caeca
677 2095 849 2144 caligine
880 2095 987 2133 soles
