1477 2365
398 86 662 122 AENEIDOS
708 87 809 122 LIB.
854 88 910 121 111
1185 94 1241 137 47

53 179 183 224 vade‚'
210 179 280 226 ait,
317 180 361 216 ‘o
389 179 488 216 felix
519 179 605 217 nati
636 179 798 228 pietate.
859 179 955 230 quid
985 179 1094 218 ultra
1176 188 1241 228 480

52 244 255 293 provehor
281 245 322 282 et
350 244 476 282 fando
504 247 718 294 surgentes
748 245 938 283 demoror
966 246 1203 284 Austros?’

52 323 128 348 nec
156 310 297 348 minus
323 310 614 348 Andromache
645 310 830 360 digressu
862 312 1018 348 maesta
1048 324 1242 359 supremo

52 375 132 413 fert,
159 375 384 424 picturatas
412 375 501 413 auri
531 375 793 424 subtegmine
821 378 957 414 vestes

52 443 94 479 et
113 440 339 490 Phrygiam
359 440 538 479 Ascanio
559 440 831 490 chlamydem,
856 454 930 479 nec
950 441 1056 479 cedit
1076 441 1237 490 honori,

51 505 344 554 textilibusque
374 508 516 544 onerat
544 506 664 544 donis
692 519 737 544 ac
765 506 862 544 talia
890 507 1020 545 fatur:
1175 514 1239 553 485

56 570 215 620 ‘accipe
255 572 298 609 et
336 570 446 619 haec,
484 584 685 609 manuum
723 571 804 609 tibi
840 584 941 621 quae
981 572 1242 611 monimenta

161 649 349 674 mearum

53 701 150 750 sint,
200 714 311 751 puer,
362 703 403 739 et
451 701 622 752 longum
670 702 987 741 Andromachae
1035 704 1242 741 testentur

162 779 346 805 amorem

52 832 238 882 coniu'gis
266 833 507 872 Hectoreae.
565 846 661 883 cape
690 833 798 871 dona
827 835 1009 871 extrema
1037 836 1217 882 tuorum,

53 911 76 935 o
104 897 211 936 mihi
241 897 328 936 sola
356 898 439 936 mei
469 911 592 947 super
620 898 884 948 Astyanactis
914 899 1060 948 imago.

53 962 112 1002 sic
141 962 290 1010 oculos,
324 963 381 1001 sic
410 963 479 1001 ille
509 976 668 1011 manus,
702 963 760 1002 sic
789 976 859 1001 ora
887 963 1058 1011 ferebat,
1175 980 1242 1011 490

53 1031 94 1066 et
124 1042 235 1066 nunc
265 1027 425 1078 aequali
454 1030 592 1067 tecum
621 1028 864 1078 pubesceret
894 1029 1025 1068 aevo.'

54 1093 129 1132 hos
157 1107 230 1143 ego
260 1094 496 1144 digrediens
523 1094 706 1132 lacrimis
734 1094 887 1132 affabar
915 1094 1097 1133 obortis:

58 1159 210 1198 ‘vivite
241 1160 389 1209 felices,
424 1159 575 1210 quibus
603 1162 666 1198 est
695 1160 864 1198 fortuna
893 1162 1053 1208 peracta

55 1224 138 1263 iam
167 1225 266 1264 sua!
315 1238 390 1264 nos
419 1225 501 1263 alia
530 1238 579 1262 ex
608 1224 701 1263 aliis
729 1225 773 1262 in
804 1224 888 1262 fata
916 1237 1134 1263 vocamur:

53 1289 170 1328 vobis
198 1292 316 1339 parta
345 1290 472 1340 quies,
497 1290 662 1328 nullum
690 1290 820 1328 maris
848 1303 999 1339 aequor
1027 1291 1239 1340 arandum,

54 1368 151 1394 arva
179 1368 309 1405 neque
339 1355 549 1394 Ausoniae
578 1369 740 1405 semper
767 1355 955 1394 cedentia
985 1357 1094 1393 retro
1178 1362 1242 1403 496

55 1421 296 1471 quaerenda.
349 1421 525 1471 effigiem
556 1421 718 1460 Xanthi
747 1421 992 1470 Troiamque
1021 1421 1184 1469 videtis,

55 1498 178 1535 quam
206 1487 369 1524 vestrae
398 1487 529 1525 fecere
559 1499 708 1524 manus
736 1485 990 1533 melioribus,
1025 1487 1131 1534 opto,

54 1550 259 1600 auspiciis,
294 1553 334 1589 et
365 1564 466 1601 quae
496 1551 622 1590 fuerit
651 1552 793 1589 minus
822 1551 943 1589 obvia
973 1550 1103 1589 Grais.

55 1615 91 1654 si
121 1616 281 1666 quando
311 1616 481 1666 Tybrim
511 1617 728 1666 vicinaque
758 1616 954 1666 Tybridis
983 1629 1080 1654 arva
1179 1632 1243 1662 500

55 1681 227 1730 intrarO,
262 1681 458 1731 gentique
488 1695 603 1720 meae
634 1683 728 1721 data
758 1682 924 1720 moenia
953 1694 1130 1729 cernam,

56 1748 250 1797 cognatas
276 1746 400 1785 urbes
428 1747 528 1785 olim
558 1747 812 1797 populosque
842 1747 1097 1796 propinquos

55 1812 190 1862 EpirO,
225 1812 438 1862 Hesperia,
472 1812 622 1862 quibus
651 1813 760 1850 idem
791 1812 1006 1850 Dardanus
1035 1814 1176 1850 auctor

55 1879 176 1927 atque
206 1877 318 1915 idem
347 1890 473 1926 casus,
508 1890 635 1915 unam
663 1877 862 1915 faciemus
893 1879 1109 1926 utramque

57 1943 221 1982 Troiam
251 1943 430 1990 animis;
459 1944 624 1981 maneat
653 1944 815 1980 nostros
843 1954 890 1979 ea
919 1955 1015 1979 cura
1044 1943 1241 1990 nepotes?

100 2041 260 2079 506-524.
290 2043 340 2071 We
363 2043 424 2071 saiz
450 2051 488 2070 on
510 2044 582 2077 past
604 2043 650 2070 the
679 2042 855 2070 Ceramzian
882 2041 965 2068 rocks
991 2041 1072 2068 wrm
1099 2041 1243 2068 darkness

56 2094 149 2115 comes
171 2095 218 2115 on.
267 2087 344 2114 Then
367 2095 408 2115 we
431 2086 506 2114 {ancl
529 2087 593 2114 amc
615 2086 700 2122 sheep,
721 2086 772 2113 but
794 2085 886 2120 before
905 2085 1059 2119 mirlmym
1075 2084 1243 2112 Palinurus
