1477 2365
171 112 227 169 56
477 121 518 157 Ρ.
560 121 776 156 VERGILI
818 121 1056 156 MARONIS

171 214 397 252 visceribus
427 214 674 253 miserorum
702 216 744 252 et
773 215 972 264 sanguine
1000 215 1180 254 vescitur
1207 217 1307 255 atr0.

171 280 257 318 vidi
285 282 448 329 egomet
479 280 558 317 duo
587 280 636 318 de
665 293 839 318 numero
868 293 962 318 cum
991 293 1161 330 corpora
1188 281 1330 318 nostro

170 357 318 394 prensa
346 358 475 383 manu
503 358 653 394 magna
681 345 817 384 medio
845 346 1062 395 resupinus
1091 346 1136 383 in
1165 347 1286 384 antro

169 410 376 459 frangeret
396 411 447 448 ad
467 423 624 459 saxum,
649 410 843 459 sanieque
862 423 1053 460 exspersa
1071 411 1263 448 natarent
1291 415 1354 456 625

170 475 343 523 limina;
381 475 468 514 vidi
496 477 586 513 atro
617 488 711 513 cum
739 475 926 513 membra
954 476 1124 514 fluentia
1152 475 1247 514 tabo

169 540 396 589 manderet,
420 542 460 578 et
487 540 617 589 tepidi
643 541 868 578 tremerent
896 540 973 579 sub
1003 540 1197 579 dentibus
1224 542 1352 580 artus.

169 606 279 643 haud
308 605 477 654 impune
507 605 697 654 quidem:
736 619 811 643 nec
838 606 939 643 talia
966 618 1111 655 passus
1141 605 1298 654 Ulixes,

170 670 374 709 oblitusve
403 670 468 708 sui
497 672 558 708 est
588 670 756 708 Ithacus
786 670 1020 709 discrimine
1050 672 1180 709 tanto.

170 748 267 773 nam
298 735 423 773 simul
451 734 641 784 expletus
671 735 844 784 dapibus
874 736 1051 786 vinoque
1081 736 1266 786 sepultus
1290 741 1356 783 630

170 800 370 839 cervicem
400 800 597 838 inflexam
626 800 764 849 posuit
793 800 997 850 iacuitque
1028 814 1101 849 per
1128 802 1297 839 antrum

169 866 398 903 immensus
427 865 586 903 saniem
614 868 805 903 eructans
834 867 873 904 et
902 865 1034 904 frusta
1064 867 1234 904 cruento

168 944 242 980 per
271 943 466 968 somnum
496 930 717 968 commixta
744 943 870 978 mero,
902 943 978 968 nos
1006 943 1156 981 magna
1183 930 1337 980 precati

169 996 342 1033 numina
370 995 588 1044 sortitique
617 995 728 1033 vices
758 1008 840 1033 una
870 996 1049 1045 undique
1080 995 1234 1034 circum

168 1061 393 1109 fundimur,
426 1062 466 1098 et
495 1060 578 1099 telo
606 1060 747 1098 lumen
777 1060 1034 1099 terebramus
1060 1063 1180 1099 acuto
1289 1066 1353 1109 ⁶35

170 1127 327 1176 ingens,
359 1126 467 1176 quod
496 1128 613 1164 torva
644 1126 778 1164 solum
808 1125 884 1164 sub
913 1126 1049 1164 fronte
1078 1126 1244 1176 latebat,

168 1191 351 1242 Argolici
380 1191 503 1240 clipei
531 1192 603 1229 aut
631 1191 846 1229 Phoebeae
876 1190 1076 1240 lampadis
1102 1191 1244 1241 instar,

167 1260 209 1295 et
236 1257 407 1295 tandem
436 1255 535 1294 laeti
565 1256 769 1294 sociorum
796 1256 1034 1294 ulciscimur
1062 1257 1243 1296 umbras.

167 1322 238 1360 sed
267 1322 408 1371 fugite,
439 1335 462 1359 o
491 1321 647 1369 miseri,
672 1321 802 1371 fugite
831 1324 953 1372 atque
982 1322 1033 1360 ab
1060 1321 1182 1360 litore
1210 1323 1355 1362 funem

169 1387 358 1436 rumpite.
1289 1394 1355 1435 640

168 1466 265 1490 nam
289 1453 422 1501 qualis
449 1453 706 1501 quantusque
734 1465 830 1492 cavo
859 1452 1141 1502 Polyphemus
1166 1452 1211 1491 in
1235 1455 1354 1493 antro

168 1517 369 1566 lanigeras
397 1517 551 1555 claudit
578 1517 752 1566 pecudes
779 1519 900 1567 atque
927 1517 1054 1555 ubera
1081 1520 1251 1566 pressat,

167 1585 333 1621 centum
362 1582 432 1619 alii
461 1595 585 1620 curva
613 1582 711 1620 haec
739 1582 931 1621 habitant
959 1583 1010 1620 ad
1039 1583 1162 1621 litora
1189 1583 1313 1634 vulgo

168 1648 328 1685 infandi
358 1647 565 1697 Cyclopes,
597 1649 638 1686 et
667 1648 762 1686 altis
790 1648 1004 1686 montibus
1030 1650 1186 1688 errant.

167 1714 288 1751 tertia
317 1714 401 1751 iam
431 1713 552 1751 lunae
581 1726 624 1750 se
653 1726 805 1751 cornua
832 1713 991 1751 lumine
1020 1714 1239 1763 complent,
1288 1719 1351 1761 645

167 1792 260 1816 cum
291 1778 419 1817 vitam
450 1779 493 1815 in
524 1778 641 1816 silvis
668 1778 779 1817 inter
808 1779 968 1817 deserta
997 1779 1178 1817 ferarum

166 1845 295 1882 lustra
316 1844 538 1893 domosque
566 1844 696 1892 traho,
719 1846 938 1894 vastosque
958 1844 1009 1882 ab
1036 1858 1136 1893 rupe
1156 1845 1354 1895 Cyclopas

166 1909 378 1959 prospicio,
411 1909 675 1958 sonitumque
706 1910 856 1957 pediun
885 1923 1106 1959 vocemque
1135 1912 1349 1949 tremesco.

167 1975 323 2012 victum
352 1973 571 2021 infelicem,
605 1974 746 2012 baccas
774 1974 1033 2023 lapidosaque
1064 1988 1196 2023 corna,

167 2040 265 2077 dant
295 2038 410 2087 rami,
435 2040 476 2076 et
504 2039 634 2076 vulsis
662 2041 835 2087 pascunt
864 2039 1068 2077 radicibus
1098 2040 1260 2078 herbae.
1287 2046 1351 2086 650

167 2105 306 2141 omnia
334 2104 578 2141 collustrans
607 2104 712 2141 hanc
742 2104 922 2152 primum
951 2104 1000 2142 ad
1028 2104 1151 2143 litora
1180 2105 1352 2144 classem
