1477 2365
173 73 231 117 28
475 84 519 120 P.
562 83 779 117 VERGILI
821 82 1062 117 MARONIS

171 176 215 213 in
244 176 412 224 somnis,
443 177 577 215 multo
607 177 820 215 manifesti
847 176 1016 224 lumine,
1048 189 1128 226 qua
1157 189 1198 214 se

172 242 292 290 plena
320 256 392 291 per
419 242 597 281 insertas
624 242 824 280 fundebat
854 242 952 280 luna
981 242 1208 289 fenestras3

172 309 263 345 tum
291 307 349 345 sic
377 308 496 346 affari
525 310 567 345 et
595 320 713 345 curas
740 307 808 345 his
837 308 1000 345 demere
1031 307 1172 345 dictis:

176 372 305 422 ‘quod
335 372 413 410 tibi
442 373 577 411 delato
606 373 821 423 Ortygiam
852 372 1037 410 dicturus
1065 372 1217 422 Apollo
1246 374 1318 420 est,

172 436 238 474 hic
264 437 384 485 canit,
408 441 447 476 et
473 440 544 476 tua
570 451 647 476 nos
673 451 725 476 en
747 438 856 476 ultro
883 437 933 475 ad
953 437 1100 476 limina
1120 437 1264 476 mittit.
1299 452 1359 483 155

173 515 248 540 nos
276 505 316 541 te
346 503 553 541 Dardania
582 503 751 541 incensa
778 505 929 552 tuaque
957 515 1072 540 arma
1100 502 1240 551 secuti,

173 581 249 605 nos
276 568 485 606 tumidimi
515 569 591 606 sub
620 571 660 607 te
690 568 900 618 permensi
928 567 1128 606 classibus
1154 580 1316 619 aequor,

173 633 283 671 idem
311 636 509 672 venturos
538 634 734 672 tollemus
763 634 808 671 in
836 635 948 673 astra
977 636 1148 682 nepotes

174 699 475 750 imperiumque
506 701 598 738 urbi
627 700 826 739 dabimus.
887 703 934 738 tu
963 700 1128 739 moenia
1155 700 1319 750 magnis

173 779 320 816 magna
347 779 453 815 para,
478 766 730 816 longumque
758 766 879 815 fugae
908 779 960 804 ne
988 766 1129 815 linque
1156 765 1362 804 laborem:

173 832 394 870 mutandae
424 832 565 879 sedes;
603 845 688 869 non
716 831 816 869 haec
845 831 922 869 tibi
951 831 1074 869 litora
1101 830 1231 869 suasit
1301 837 1360 868 161

173 896 318 945 Delius
346 898 417 934 aut
446 897 590 935 Cretae
620 896 742 934 iussit
770 897 983 934 considere
1012 896 1175 944 Apollo,

173 964 234 999 est
264 961 388 1009 locus,
422 962 671 1011 Hesperiam
702 963 800 1001 Grai
830 962 1075 1012 cognomine
1105 962 1260 1009 dicunt,

172 1028 283 1065 terra
312 1027 490 1076 antiqua,
523 1030 669 1076 potens
697 1028 825 1067 armis
853 1030 976 1078 atque
1005 1028 1130 1066 ubere
1159 1027 1327 1077 glebae3

174 1092 345 1130 Oenotri
375 1092 533 1130 coluere
563 1094 672 1141 viri;
710 1107 823 1132 nunc
851 1094 962 1132 fama
990 1094 1175 1131 minores
1300 1098 1362 1139 165

173 1157 341 1196 Italiam
371 1158 523 1197 dixisse
554 1160 670 1197 ducis
699 1160 747 1198 de
778 1160 948 1197 nomine
977 1161 1168 1209 gentem:

173 1223 248 1261 hae
279 1224 396 1262 nobis
425 1225 610 1274 propriae
640 1225 769 1273 sedes,
798 1225 895 1263 hinc
924 1225 1141 1263 Dardanus
1171 1226 1296 1271 ortus,

172 1288 388 1338 Iasiusque
418 1292 545 1338 pater,
577 1303 706 1339 genus
735 1304 758 1328 a
787 1304 866 1340 quo
897 1290 1081 1340 principe
1111 1293 1313 1328 nostrum.

173 1367 304 1404 surge,
338 1368 421 1404 age,
455 1358 496 1393 et
525 1355 623 1394 haec
653 1356 788 1394 laetus
816 1356 1017 1405 longaevo
1047 1356 1156 1394 dicta
1185 1355 1346 1404 parenti

172 1420 281 1458 haud
298 1421 527 1459 dubitanda
542 1422 671 1469 refer3
699 1423 929 1472 Corythum
950 1424 1161 1471 terrasque
1183 1420 1363 1470 requirat

172 1485 391 1524 Ausonias.
448 1487 615 1525 Dictaea
644 1490 767 1537 negat
797 1488 875 1525 tibi
906 1487 1095 1536 Iuppiter
1124 1486 1250 1525 arva.'
1302 1498 1360 1532 171

173 1551 326 1589 talibus
354 1552 560 1590 attonitus
587 1553 688 1590 visis
717 1556 758 1591 et
788 1566 886 1591 voce
918 1554 1142 1592 deorum-

173 1630 247 1654 nec
276 1630 396 1666 sopor
427 1616 532 1655 illud
560 1621 658 1666 erat,
694 1619 763 1656 sed
795 1631 932 1656 coram
962 1630 1178 1667 agnoscere
1208 1616 1351 1655 vultus

172 1682 409 1732 velatasque
438 1696 576 1721 comas
603 1684 915 1733 praesentiaque
946 1696 1016 1721 ora
1043 1683 1229 1728 videbar,

173 1750 263 1786 tum
291 1748 451 1798 gelidus
478 1751 567 1787 toto
596 1750 792 1788 manabat
824 1763 989 1798 corpore
1021 1749 1200 1787 sudor—
1301 1758 1361 1793 175

173 1813 348 1863 corripio
376 1828 397 1851 e
427 1815 570 1852 stratis
598 1828 748 1864 corpus
775 1815 981 1864 tendoque
1012 1814 1181 1863 supinas

172 1880 223 1918 ad
251 1879 409 1918 caelum
439 1893 533 1917 611111
562 1893 658 1919 voce
688 1893 847 1928 manus,
880 1882 921 1918 et
949 1892 1122 1917 munera
1151 1878 1236 1916 libo

173 1945 419 1984 intemerata
445 1945 557 1984 focis,
618 1946 799 1995 perfecto
828 1946 962 1984 laetus
990 1946 1145 1983 honore

173 2010 385 2049 Anchisen
413 2011 516 2049 facio
546 2013 704 2049 certum
733 2024 902 2060 remque
934 2011 1076 2049 ordine
1105 2009 1252 2059 pando,

174 2077 341 2125 agnovit
362 2077 517 2125 prolem
538 2077 775 2126 ambiguam
796 2076 1063 2126 geminosque
1085 2078 1278 2124 parentes
1301 2082 1362 2112 180
