1477 2365
203 90 259 133 32
511 84 552 118 Ρ.
596 83 811 117 VERGILI
854 82 1096 117 MARONIS

202 178 449 225 immund0;
498 179 589 216 tum
619 191 699 216 vox
729 179 911 215 taetrum
942 176 1030 214 dira
1059 176 1170 215 inter
1199 177 1376 218 odorem.

202 255 368 280 rursum
397 242 443 280 in
473 255 634 281 secessu
662 242 787 291 longo
816 241 893 279 sub
922 254 1021 290 rupe
1052 242 1193 280 cavata

200 308 417 347 arboribus
442 308 579 346 clausa
600 308 757 345 circum
787 308 909 356 atque
934 306 1208 345 horrentibus
1234 308 1395 347 umbris

202 374 450 411 instruimus
478 386 644 411 mensas
673 372 838 422 arisque
868 372 1112 421 reponimus
1142 372 1308 422 ignem:
1330 390 1390 421 231

200 452 366 477 rursum
394 452 443 476 ex
473 439 634 476 diverso
664 437 765 475 caeli
796 437 1006 487 caecisque
1035 438 1205 476 latebris

199 505 319 543 turba
349 517 500 542 sonans
528 505 725 554 praedam
754 503 931 553 pedibus
960 504 1232 542 circumvolat
1263 505 1388 553 uncis,

200 570 347 620 polluit
379 584 446 608 ore
477 571 610 620 dapes.
663 569 785 608 sociis
812 571 912 607 tunc
941 582 1056 607 arma
1085 573 1298 618 capessant

197 637 321 684 edico,
356 638 395 674 et
426 636 515 674 dira
543 635 699 674 bellum
729 648 823 673 cum
853 636 974 684 gente
1004 635 1241 684 gerendum.
1328 652 1389 683 235

198 702 308 740 haud
338 714 453 739 secus
481 714 526 739 ac
556 701 657 738 iussi
687 700 857 750 faciunt,
879 701 1089 749 tectosque
1119 713 1194 748 per
1220 700 1391 740 herbam

197 767 426 816 disponunt
455 780 574 804 enses
601 769 642 804 et
674 768 788 804 scuta
819 765 996 804 latentia
1028 765 1225 804 condunt.

197 846 292 882 ergo
322 832 392 870 ubi
422 831 609 881 delapsae
641 831 824 870 sonitum
855 844 929 880 per
958 843 1082 869 curva
1112 831 1258 869 dedere

196 898 329 945 litora,
363 898 433 936 dat
462 898 630 947 signum
661 897 823 947 specula
854 897 1039 934 Misenus
1068 896 1119 933 ab
1147 896 1232 935 alta

197 977 288 1002 aere
309 977 416 1002 cavo,
454 963 659 1001 invadunt
682 963 781 1001 socii
801 964 842 1001 et
865 975 972 1000 nova
994 961 1149 1010 proelia
1170 963 1391 1013 temptant,

197 1030 393 1067 obscenas
420 1029 554 1079 pelagi
584 1029 692 1067 ferro
722 1028 885 1067 foedare
918 1027 1115 1066 volucres.
1329 1045 1386 1075 241

196 1096 266 1133 sed
296 1108 428 1144 neque
458 1095 547 1133 vim
576 1094 732 1144 plumis
762 1093 890 1132 ullam
922 1107 996 1132 nec
1026 1093 1201 1131 vulnera
1231 1096 1346 1142 tergo

197 1161 416 1210 accipiunt,
450 1160 651 1210 celerique
682 1161 778 1210 fuga
809 1160 885 1197 sub
918 1159 1052 1198 sidera
1081 1159 1218 1208 lapsae

196 1239 401 1265 semesam
428 1226 623 1276 praedam
653 1227 695 1264 et
724 1225 898 1275 vestigia
929 1225 1047 1263 foeda
1078 1225 1330 1275 relinquunt.

197 1305 279 1330 una
308 1292 354 1330 in
383 1292 587 1342 praecelsa
618 1291 802 1329 consedit
836 1305 934 1341 rupe
966 1292 1154 1341 Celaeno,
1327 1309 1388 1339 245

196 1357 344 1396 infelix
371 1358 496 1405 vates,
533 1357 770 1407 rumpitque
804 1358 911 1396 hanc
942 1361 1105 1409 pectore
1136 1373 1309 1398 vocem:

201 1428 209 1443 ⁴
226 1424 384 1462 bellum
404 1424 531 1461 etiam
551 1436 624 1472 pro
646 1424 766 1462 caede
787 1424 915 1463 boum
948 1426 1169 1475 stratisque
1191 1425 1385 1471 iuvencis.

196 1489 578 1539 Laomedontiadae,
611 1489 823 1528 bellumne
853 1491 1004 1529 inferre
1034 1492 1199 1541 paratis,

196 1559 236 1594 et
265 1556 399 1605 patrio
428 1556 638 1606 Harpyias
667 1556 854 1596 insontes
883 1558 1034 1607 pellere
1064 1559 1230 1608 regno‘?

196 1622 370 1671 accipite
397 1635 495 1672 ergo
525 1622 679 1660 animis
709 1626 831 1673 atque
862 1624 961 1662 haec
990 1637 1081 1662 mea
1109 1624 1223 1674 figite
1253 1623 1374 1671 dicta,

197 1701 300 1738 quae
343 1688 511 1727 Phoebo
557 1689 683 1727 Pater
727 1690 1001 1739 omnipotens,
1046 1690 1151 1728 mihi
1198 1689 1392 1728 Phoebus

305 1754 457 1803 Apollo
1327 1771 1387 1800 251

199 1820 411 1869 praedixit,
446 1821 565 1859 vobis
598 1822 816 1860 Furiarum
848 1835 921 1872 ego
951 1821 1131 1860 maxima
1161 1820 1305 1870 pando.

198 1887 365 1926 Italiam
395 1902 517 1927 cursu
549 1889 702 1938 petitis,
736 1889 954 1938 ventisque
984 1888 1140 1927 vocatis

199 1954 313 1993 ibitis
342 1955 511 1994 Italiam
543 1957 765 2004 portusque
795 1955 952 1992 intrare
981 1954 1147 1992 licebit:

199 2021 267 2059 sed
298 2034 384 2059 non
414 2023 509 2059 ante
540 2021 678 2058 datam
708 2020 883 2069 cingetis
911 2020 1130 2058 moenibus
1156 2019 1299 2056 urbem
1327 2034 1388 2064 255

200 2100 320 2139 quam
352 2100 425 2126 vos
454 2087 541 2127 dira
570 2087 699 2125 fames
730 2088 974 2136 nostraeque
1004 2084 1156 2123 iniuria
1186 2083 1320 2122 caedis
