1477 2365
165 168 221 210 44
475 164 515 197 P.
558 164 773 197 VERGILI
819 164 1055 198 MARONIS

164 260 323 305 ventus,
356 259 398 295 et
426 257 593 306 angusti
623 258 829 294 rarescent
859 256 1034 294 claustra
1064 256 1214 303 Pelori,

164 321 279 360 laeva
308 321 385 359 tibi
417 322 540 360 tellus
568 323 610 360 et
639 322 762 370 longo
792 321 908 360 laeva
936 322 1132 371 petantur

165 400 338 436 aequora
367 387 565 429 circuitu:
613 387 803 425 dextrum
832 387 926 436 fuge
955 387 1055 425 litus
1083 389 1124 425 et
1153 387 1299 425 undas.

162 452 259 490 haec
288 453 376 490 loca
405 452 446 490 vi
477 453 684 502 quondam
714 453 755 490 et
783 453 900 490 vasta
931 452 1127 490 convulsa
1156 452 1328 490 ruina-

163 519 324 555 tantum
344 517 433 556 aevi
454 517 682 567 longinqua
700 517 809 555 valet
828 519 988 555 mutare
1009 519 1246 555 vetustas—
1285 534 1347 564 415

163 582 389 621 dissiluisse
423 583 571 629 ferunt,
606 595 700 620 cum
730 581 921 631 protinus
951 584 1122 632 utraque
1152 582 1272 621 tellus

163 659 246 685 una
274 648 409 695 foret;
458 648 575 686 venit
602 647 740 685 medio
769 647 811 685 vi
842 648 993 696 pontus
1023 650 1063 685 et
1093 648 1218 686 undis

162 713 413 762 Hesperium
443 713 580 751 Siculo
610 712 718 750 latus
747 712 931 760 abscidit,
961 725 1138 763 arvaque
1163 715 1204 751 et
1234 714 1354 752 urbes

162 778 282 817 litore
312 778 499 816 diductas
527 780 702 828 angusto
732 778 924 816 interluit
954 780 1084 817 aestu.

163 844 353 882 dextrum
384 844 520 893 Scylla
548 843 664 892 latus,
688 843 849 882 laevum
876 843 1095 893 implacata
1122 844 1353 894 Charybdis

164 909 336 956 obsidet,
370 911 492 958 atque
524 909 607 947 imo
638 909 822 948 barathri
852 911 914 947 ter
942 909 1103 959 gurgite
1133 912 1272 949 vastos
1287 926 1348 956 421

163 975 301 1013 sorbet
331 974 375 1012 in
405 974 627 1024 abruptum
656 975 806 1013 fluctus
835 988 1059 1024 rursusque
1088 976 1164 1014 sub
1192 989 1309 1014 auras

163 1040 284 1089 erigit
314 1040 496 1078 alternos
525 1042 565 1078 et
594 1040 726 1078 sidera
755 1041 942 1079 verberat
973 1041 1092 1080 unda.

163 1108 204 1143 at
234 1106 414 1155 Scyllam
445 1106 574 1144 caecis
604 1106 767 1144 cohibet
797 1107 990 1156 spelunca
1021 1107 1191 1146 latebris

165 1185 232 1209 ora
260 1173 539 1209 exsertantem
568 1173 609 1209 et
637 1184 765 1210 naves
795 1172 838 1209 in
870 1185 966 1210 saxa
994 1173 1239 1211 trahentem.
1286 1188 1350 1219 425

164 1237 300 1285 prima
329 1237 511 1275 hominis
540 1237 664 1275 facies
694 1239 734 1275 et
764 1238 905 1286 pulcro
936 1240 1097 1286 pectore
1129 1238 1245 1287 virgo

164 1303 269 1352 pube
299 1304 431 1350 tenus,
464 1304 672 1352 postrema
701 1302 875 1341 immani
904 1316 1069 1352 corpore
1097 1303 1245 1352 pistrix

164 1367 411 1417 delphinum
440 1368 590 1406 caudas
621 1370 733 1406 utero
763 1368 980 1406 commissa
1009 1368 1213 1418 luporum.

164 1436 344 1482 praestat
372 1433 570 1471 Trinacrii
603 1435 734 1471 metas
762 1433 939 1471 lustrare
970 1433 1145 1472 Pachini

165 1500 394 1538 cessantem
424 1499 569 1549 longos
597 1500 639 1536 et
669 1499 989 1538 circumflectere
1019 1514 1173 1549 cursus,
1287 1515 1353 1547 430

165 1578 289 1613 quam
318 1565 446 1602 semel
476 1566 698 1604 informem
728 1568 846 1604 vasto
875 1567 1030 1605 vidisse
1061 1567 1137 1605 sub
1166 1568 1285 1603 antro

167 1629 348 1678 Scyllam
379 1631 421 1667 et
450 1629 648 1668 caeruleis
678 1631 849 1669 canibus
880 1632 1113 1670 resonantia
1143 1644 1248 1670 saxa.

165 1697 372 1743 praeterea
404 1695 439 1732 si
470 1708 550 1745 qua
577 1698 639 1734 est
671 1697 833 1735 Heleno
863 1698 1084 1747 prudentia
1112 1697 1211 1745 vati,

167 1760 200 1798 si
230 1774 310 1809 qua
338 1761 451 1809 fides,
484 1761 672 1801 animum
702 1763 737 1801 si
765 1765 876 1802 veris
904 1764 1052 1814 implet
1080 1762 1243 1812 Apollo,

165 1839 296 1865 unum
325 1827 429 1864 illud
458 1828 548 1876 tibi,
576 1831 672 1867 nate
704 1830 788 1873 dea,
816 1844 970 1880 proque
1001 1830 1193 1867 omnibus
1222 1840 1354 1866 unum

163 1893 398 1941 praedicam
409 1895 450 1931 et
464 1897 654 1944 repetens
665 1895 897 1945 iterumque
910 1895 1142 1944 iterumque
1154 1892 1331 1932 monebo
1344 1906 1352 1930 ε

164 1958 340 1996 Iunonis
368 1973 540 2010 magnae
568 1961 752 2010 primum
781 1975 899 2010 prece
928 1974 1083 1999 numen
1110 1959 1244 2008 adora,

164 2024 319 2063 Iunoni
349 2038 447 2064 cane
478 2027 575 2064 vota
605 2026 740 2064 libens
772 2026 1065 2075 dominamque
1095 2026 1309 2074 potentem

164 2091 420 2139 supplicibus
452 2104 598 2141 supera
628 2091 773 2131 donis:
823 2091 881 2129 sic
911 2091 1086 2141 denique
1116 2090 1249 2129 victor

165 2157 380 2195 Trinacria
409 2157 513 2195 fines
544 2157 675 2196 Italos
704 2157 871 2195 mittere
901 2157 1055 2195 relicta.
1289 2170 1355 2202 440
